{
  "leader": "04011cam a2200553 a 4500",
  "fields": [
    {
      "001": "ocm38862598\\"
    },
    {
      "003": "OCoLC"
    },
    {
      "005": "20220104170521.0"
    },
    {
      "008": "980320s1998\\\\\\\\nyua\\\\\\\\\\b\\\\\\\\001\\0beng\\\\"
    },
    {
      "010": {
        "ind1": "\\",
        "ind2": "\\",
        "subfields": [
          {
            "a": "   98018031 "
          }
        ]
      }
    },
    {
      "040": {
        "ind1": "\\",
        "ind2": "\\",
        "subfields": [
          {
            "a": "DLC"
          },
          {
            "b": "eng"
          },
          {
            "c": "DLC"
          },
          {
            "d": "MUQ"
          },
          {
            "d": "NLGGC"
          },
          {
            "d": "BTCTA"
          },
          {
            "d": "YDXCP"
          },
          {
            "d": "BAKER"
          },
          {
            "d": "DEBSZ"
          },
          {
            "d": "HFL"
          },
          {
            "d": "ZWZ"
          },
          {
            "d": "UKTTE"
          },
          {
            "d": "GEBAY"
          },
          {
            "d": "ILU"
          },
          {
            "d": "BDX"
          },
          {
            "d": "DEBBG"
          },
          {
            "d": "OCLCF"
          },
          {
            "d": "IAD"
          },
          {
            "d": "OCLCO"
          },
          {
            "d": "CNGUL"
          },
          {
            "d": "OCLCO"
          },
          {
            "d": "CNUTO"
          },
          {
            "d": "HLO"
          },
          {
            "d": "OCLCA"
          },
          {
            "d": "MNG"
          },
          {
            "d": "KZK"
          },
          {
            "d": "MOR"
          },
          {
            "d": "MTH"
          },
          {
            "d": "PAU"
          },
          {
            "d": "LTP"
          },
          {
            "d": "NGA"
          },
          {
            "d": "VGM"
          },
          {
            "d": "OCLCA"
          },
          {
            "d": "CSA"
          },
          {
            "d": "CTD"
          },
          {
            "d": "CTB"
          },
          {
            "d": "UEJ"
          },
          {
            "d": "IOG"
          },
          {
            "d": "LKC"
          },
          {
            "d": "NJR"
          },
          {
            "d": "TYC"
          },
          {
            "d": "RCE"
          },
          {
            "d": "OCLCQ"
          },
          {
            "d": "OCLCO"
          },
          {
            "d": "CS1"
          },
          {
            "d": "OCLCQ"
          },
          {
            "d": "OCLCO"
          },
          {
            "d": "OCLCQ"
          },
          {
            "d": "P@N"
          },
          {
            "d": "OCLCO"
          },
          {
            "d": "OCLCQ"
          },
          {
            "d": "OCLCO"
          },
          {
            "d": "HCO"
          },
          {
            "d": "UOK"
          },
          {
            "d": "SNN"
          },
          {
            "d": "OCLCA"
          },
          {
            "d": "OCLCQ"
          },
          {
            "d": "OCLCA"
          },
          {
            "d": "OCL"
          },
          {
            "d": "VYM"
          },
          {
            "d": "OCLCO"
          },
          {
            "d": "OCLCA"
          },
          {
            "d": "OCL"
          },
          {
            "d": "OCLCA"
          },
          {
            "d": "OCLCQ"
          },
          {
            "d": "OCLCO"
          }
        ]
      }
    },
    {
      "066": {
        "ind1": "\\",
        "ind2": "\\",
        "subfields": [
          {
            "c": "{dollar}1"
          }
        ]
      }
    },
    {
      "019": {
        "ind1": "\\",
        "ind2": "\\",
        "subfields": [
          {
            "a": "972046379"
          },
          {
            "a": "1000905090"
          },
          {
            "a": "1008120385"
          }
        ]
      }
    },
    {
      "020": {
        "ind1": "\\",
        "ind2": "\\",
        "subfields": [
          {
            "a": "0789205009"
          }
        ]
      }
    },
    {
      "020": {
        "ind1": "\\",
        "ind2": "\\",
        "subfields": [
          {
            "a": "9780789205001"
          }
        ]
      }
    },
    {
      "035": {
        "ind1": "\\",
        "ind2": "\\",
        "subfields": [
          {
            "a": "(OCoLC)38862598"
          },
          {
            "z": "(OCoLC)972046379"
          },
          {
            "z": "(OCoLC)1000905090"
          },
          {
            "z": "(OCoLC)1008120385"
          }
        ]
      }
    },
    {
      "043": {
        "ind1": "\\",
        "ind2": "\\",
        "subfields": [
          {
            "a": "n-us---"
          }
        ]
      }
    },
    {
      "050": {
        "ind1": "0",
        "ind2": "0",
        "subfields": [
          {
            "a": "HC102.5.F75"
          },
          {
            "b": "S32 1998"
          }
        ]
      }
    },
    {
      "082": {
        "ind1": "0",
        "ind2": "0",
        "subfields": [
          {
            "a": "338.092"
          },
          {
            "b": "HEN"
          }
        ]
      }
    },
    {
      "100": {
        "ind1": "1",
        "ind2": "\\",
        "subfields": [
          {
            "a": "Sanger, Martha Frick Symington."
          }
        ]
      }
    },
    {
      "245": {
        "ind1": "1",
        "ind2": "0",
        "subfields": [
          {
            "a": "Henry Clay Frick :"
          },
          {
            "b": "an intimate portrait /"
          },
          {
            "c": "Martha Frick Symington Sanger."
          }
        ]
      }
    },
    {
      "250": {
        "ind1": "\\",
        "ind2": "\\",
        "subfields": [
          {
            "a": "1st ed."
          }
        ]
      }
    },
    {
      "260": {
        "ind1": "\\",
        "ind2": "\\",
        "subfields": [
          {
            "a": "New York :"
          },
          {
            "b": "Abbeville Press Publishers,"
          },
          {
            "c": "\u00a91998."
          }
        ]
      }
    },
    {
      "300": {
        "ind1": "\\",
        "ind2": "\\",
        "subfields": [
          {
            "a": "599 pages :"
          },
          {
            "b": "illustrations (some color) ;"
          },
          {
            "c": "27 cm"
          }
        ]
      }
    },
    {
      "336": {
        "ind1": "\\",
        "ind2": "\\",
        "subfields": [
          {
            "a": "text"
          },
          {
            "b": "txt"
          },
          {
            "2": "rdacontent"
          }
        ]
      }
    },
    {
      "337": {
        "ind1": "\\",
        "ind2": "\\",
        "subfields": [
          {
            "a": "unmediated"
          },
          {
            "b": "n"
          },
          {
            "2": "rdamedia"
          }
        ]
      }
    },
    {
      "338": {
        "ind1": "\\",
        "ind2": "\\",
        "subfields": [
          {
            "a": "volume"
          },
          {
            "b": "nc"
          },
          {
            "2": "rdacarrier"
          }
        ]
      }
    },
    {
      "504": {
        "ind1": "\\",
        "ind2": "\\",
        "subfields": [
          {
            "a": "Includes bibliographical references (pages 564-588) and index."
          }
        ]
      }
    },
    {
      "520": {
        "ind1": "\\",
        "ind2": "\\",
        "subfields": [
          {
            "a": "Martha Frick Symington Sanger, a great-grand-daughter of Henry Clay Frick, draws on her family memories and unprecedented access to personal letters and private family diaries at the Frick archives to create this intimate, penetrating biography. Prior to this revealing account, Frick's private life has been largely unknown. This insider's portrait of Frick, a world famous art collector and steel tycoon, discloses for the first time the triumphs as well as the tragedies of his remarkable life. In addition, the author distills more than a decade of research and interviews into the most extensive examination of the creation of the Frick art collections ever included in a single volume."
          }
        ]
      }
    },
    {
      "520": {
        "ind1": "8",
        "ind2": "\\",
        "subfields": [
          {
            "a": "She explains the attractions and motivations that guided Frick and his daughter Helen Clay Frick to acquire their outstanding collections of painting, sculpture, and other art. Illustrating the book are approximately 390 pictures, including about 200 in full color, ranging from painting and sculpture in both The Frick Collection and Frick's former Pittsburgh residence, now the Frick Art and Historical Center, to family portraits, many of which have never before been published, and historical images."
          }
        ]
      }
    },
    {
      "505": {
        "ind1": "2",
        "ind2": "\\",
        "subfields": [
          {
            "a": "Birth of a millionaire. -Triumph over labor. -Pittsburgh exodus. APPENDIX: Combined art collections of Henry Clay Frick."
          }
        ]
      }
    },
    {
      "600": {
        "ind1": "1",
        "ind2": "0",
        "subfields": [
          {
            "a": "Frick, Henry Clay,"
          },
          {
            "d": "1849-1919."
          }
        ]
      }
    },
    {
      "650": {
        "ind1": "\\",
        "ind2": "0",
        "subfields": [
          {
            "a": "Businessmen"
          },
          {
            "z": "United States"
          },
          {
            "v": "Biography."
          }
        ]
      }
    },
    {
      "650": {
        "ind1": "\\",
        "ind2": "0",
        "subfields": [
          {
            "a": "Capitalists and financiers"
          },
          {
            "z": "United States"
          },
          {
            "v": "Biography."
          }
        ]
      }
    },
    {
      "600": {
        "ind1": "1",
        "ind2": "7",
        "subfields": [
          {
            "a": "Frick, Henry Clay,"
          },
          {
            "d": "1849-1919."
          },
          {
            "2": "fast"
          },
          {
            "0": "(OCoLC)fst00253663"
          }
        ]
      }
    },
    {
      "650": {
        "ind1": "\\",
        "ind2": "7",
        "subfields": [
          {
            "a": "Businessmen."
          },
          {
            "2": "fast"
          },
          {
            "0": "(OCoLC)fst00842951"
          }
        ]
      }
    },
    {
      "650": {
        "ind1": "\\",
        "ind2": "7",
        "subfields": [
          {
            "a": "Capitalists and financiers."
          },
          {
            "2": "fast"
          },
          {
            "0": "(OCoLC)fst00846463"
          }
        ]
      }
    },
    {
      "651": {
        "ind1": "\\",
        "ind2": "7",
        "subfields": [
          {
            "a": "United States."
          },
          {
            "2": "fast"
          },
          {
            "0": "(OCoLC)fst01204155"
          }
        ]
      }
    },
    {
      "655": {
        "ind1": "\\",
        "ind2": "7",
        "subfields": [
          {
            "a": "Biographies."
          },
          {
            "2": "fast"
          },
          {
            "0": "(OCoLC)fst01919896"
          }
        ]
      }
    },
    {
      "655": {
        "ind1": "\\",
        "ind2": "7",
        "subfields": [
          {
            "a": "Biographies."
          },
          {
            "2": "lcgft"
          }
        ]
      }
    },
    {
      "776": {
        "ind1": "0",
        "ind2": "8",
        "subfields": [
          {
            "i": "Online version:"
          },
          {
            "a": "Sanger, Martha Frick Symington."
          },
          {
            "t": "Henry Clay Frick."
          },
          {
            "b": "1st ed."
          },
          {
            "d": "New York : Abbeville Press Publishers, \u00a91998"
          },
          {
            "w": "(OCoLC)646960072"
          }
        ]
      }
    },
    {
      "856": {
        "ind1": "4",
        "ind2": "1",
        "subfields": [
          {
            "3": "Sample text"
          },
          {
            "u": "https://www.loc.gov/catdir/enhancements/fy1612/98018031-s.html"
          }
        ]
      }
    },
    {
      "856": {
        "ind1": "4",
        "ind2": "1",
        "subfields": [
          {
            "3": "Table of contents"
          },
          {
            "u": "https://www.loc.gov/catdir/enhancements/fy1612/98018031-t.html"
          }
        ]
      }
    },
    {
      "856": {
        "ind1": "4",
        "ind2": "2",
        "subfields": [
          {
            "3": "Contributor biographical information"
          },
          {
            "u": "https://www.loc.gov/catdir/enhancements/fy1612/98018031-b.html"
          }
        ]
      }
    },
    {
      "856": {
        "ind1": "4",
        "ind2": "2",
        "subfields": [
          {
            "3": "Publisher description"
          },
          {
            "u": "http://catdir.loc.gov/catdir/enhancements/fy1401/98018031-d.html"
          }
        ]
      }
    },
    {
      "880": {
        "ind1": "\\",
        "ind2": "\\",
        "subfields": [
          {
            "6": "500-00/{dollar}1"
          },
          {
            "a": "\u5176\u4ed6\u9898\u540d:An Intimate Portrait."
          }
        ]
      }
    },
    {
      "994": {
        "ind1": "\\",
        "ind2": "\\",
        "subfields": [
          {
            "a": "Z0"
          },
          {
            "b": "NYRVC"
          }
        ]
      }
    },
    {
      "948": {
        "ind1": "\\",
        "ind2": "\\",
        "subfields": [
          {
            "h": "NO HOLDINGS IN NYRVC - 559 OTHER HOLDINGS"
          }
        ]
      }
    },
    {
      "999": {
        "ind1": "\\",
        "ind2": "\\",
        "subfields": [
          {
            "a": "00000000016057"
          }
        ]
      }
    }
  ]
}